@book{knuth_art_1999,
	title = {The Art of Computer Programming, Volumes 1-3 Boxed Set},
	isbn = {0201485419},
	publisher = {Addison-Wesley Professional},
	author = {Knuth, Donald E.},
	month = jan,
	year = {1999},
	note = {Published: Hardcover}
},

@book{raymond_art_2004,
  edition =	 1,
  series =	 {Professional Computing},
  title =	 {The Art of Unix Programming},
  url =		 {http://catb.org/esr/writings/taoup/html/},
  publisher =	 {Addison-Wesley},
  author =	 {Raymond, Eric S.},
  year =	 2004
},

@book{kernighan_c_1988,
  title =	 {C Programming Language (2nd Edition)},
  isbn =	 0131103628,
  publisher =	 {Prentice Hall {PTR}},
  author =	 {Kernighan, Brian W. and Ritchie, Dennis},
  month =	 mar,
  year =	 1988,
  note =	 {Published: Paperback},
  keywords =	 {c, programming}
},

@book{pike_notes_????,
  title =	 {Notes on programming in C},
  url =		 {http://www.lysator.liu.se/c/pikestyle.html},
  author =	 {Pike, Rob}
},

@book{kochan_programming_2004,
  edition =	 3,
  title =	 {Programming in C},
  publisher =	 {Sams},
  author =	 {Kochan, Stephen},
  month =	 jul,
  year =	 2004,
  note =	 {A good book for students who are serious about C}
},

@book{harbison_c:_2002,
  edition =	 5,
  title =	 {C: A Reference Manual},
  publisher =	 {Prentice Hall},
  author =	 {Harbison, Samuel P. and Steel, Guy L.},
  month =	 mar,
  year =	 2002,
  note =	 {Good reference, covers the C99 standard}
},

@book{holmes_c,
  address =	 {University of Strathclyde Computer Centre},
  title =	 {C Programming},
  url =		 {http://www.its.strath.ac.uk/courses/c/},
  author =	 {Holmes, Steve},
  note =	 {Published: Internet tutorial An excellent online
                  tutorial for C programming, (recommended)}
},

@book{hunt_pragmatic_1999,
  title =	 {The Pragmatic Programmer},
  isbn =	 {{020161622X}},
  publisher =	 {Addison-Wesley},
  author =	 {Hunt, Andrew and Thomas, David},
  month =	 oct,
  year =	 1999,
  note =	 {A good book on the practice of writing programs. Not
                  tied to a particular language, and has examples in
                  C, Java etc. Has some very useful ideas about
                  orgainising the process of programming.}
}
